@online{pwaChecklist, 
 author = "Sam Richard, Pete LePage", 
 title = "What makes a good Progressive Web App?", 
 url = "https://web.dev/pwa-checklist/",
 addendum = "24.02.2021", 
 year = 2020, 
 keywords = {PWA, Google}
 }

@online{srsdocument, 
	author = "Nico Krüger", 
	title = "How to Write a Software Requirements Specification (SRS Document)", 
	url = "https://www.perforce.com/blog/alm/how-write-software-requirements-specification-srs-document",
	addendum = "27.02.2021", 
	year = 2018, 
	keywords = {SRS}
}
@online{ieeeSrs, 
	author = "Teresa Doran", 
	title = "IEEE/ISO/IEC 29148-2018 - ISO/IEC/IEEE International Standard - Systems and software engineering -- Life cycle processes -- Requirements engineering", 
	url = "https://standards.ieee.org/standard/29148-2018.html",
	addendum = "27.02.2021", 
	year = 2018, 
	keywords = {IEEE}
}
@online{sodaHSLU, 
	author = "HSLU", 
	title = "Planung und Vorgehen «Lieber ungefähr richtig, als genau falsch»", 
	url = "https://www.hslu.ch/de-ch/informatik/studium/soda/planung/",
	addendum = "02.03.2021", 
	year = n/a, 
	keywords = {soda}
}
@online{pmpHSLU, 
	author = "HSLU", 
	title = "Artefakte und Downloads Planungs- und Entwurfsdokumente", 
	url = "https://www.hslu.ch/de-ch/informatik/studium/soda/artefakte-und-downloads/",
	addendum = "02.03.2021", 
	year = n/a, 
	keywords = {pmp}
}

@online{kioskolino, 
	author = "Kioskolino Genf", 
	title = "Versand und Zahlungsbedingungen", 
	url = "https://www.kiosklino.ch/de/versand-und-zahlungsbedingungen",
	addendum = "03.03.2021",
	year = n/a, 
	keywords = {kioskolino}
}

@online{coop, 
	author = "Coop", 
	title = "Lieferbedingungen", 
	url = "https://www.coop.ch/de/wie-wir-liefern.html",
	addendum = "03.03.2021",
	year = 2020, 
	keywords = {coop}
}
@online{coop, 
	author = "Coop", 
	title = "Lieferbedingungen", 
	url = "https://www.coop.ch/de/wie-wir-liefern.html",
	addendum = "03.03.2021",
	year = 2020, 
	keywords = {coop}
}

@online{avecNow, 
	author = "Valora", 
	title = "Über avec now", 
	url = "https://www.avecnow.ch/pages/uber-avec-now",
	addendum = "09.03.2021",
	year = 2021, 
	keywords = {avecNow}
}
@online{avecNowMain, 
	author = "Valora", 
	title = "Avec Now", 
	url = "https://www.avecnow.ch",
	addendum = "09.03.2021",
	year = 2021, 
	keywords = {avecNow}
}

@online{avecNowShipping, 
	author = "Valora", 
	title = "Versand", 
	url = "https://www.avecnow.ch/policies/shipping-policy",
	addendum = "09.03.2021",
	year = 2021, 
	keywords = {avecNow}
}

@online{avecBoxTabak, 
	author = "Valora", 
	title = "Bewährtes und Neues nur für dich", 
	url = "https://avec.ch/de/avecbox/",
	addendum = "09.03.2021",
	year = 2021, 
	keywords = {avecBox}
}

@online{avecBoxStand, 
	author = "Valora", 
	title = "Standorte und Öffnungszeiten", 
	url = "https://avec.ch/de/avecbox/",
	addendum = "09.03.2021",
	year = 2021, 
	keywords = {avecBox}
}

@online{avecApp, 
	author = "Valora", 
	title = "Scan ID", 
	url = "Kontoerstellung",
	addendum = "09.03.2021",
	year = 2021, 
	keywords = {avecBox}
}

@online{bestPWA, 
	author = "Michael Sols", 
	title = "10 best progressive web apps in 2021", 
	url = "https://www.monterail.com/blog/top-ten-pwa-2021",
	addendum = "09.03.2021",
	year = 2020, 
	keywords = {bestPwa}
}

@online{starbucksPwaMenu, 
	author = "Starbucks", 
	title = "app.starbucks", 
	url = "https://app.starbucks.com/menu",
	addendum = "09.03.2021",
	year = 2021, 
	keywords = {bestPwa}
}

@online{starbucksPwaMain, 
	author = "Starbucks", 
	title = "app.starbucks", 
	url = "https://app.starbucks.com",
	addendum = "09.03.2021",
	year = 2021, 
	keywords = {bestPwa}
}

@online{starbucksPwaStandort, 
	author = "Starbucks", 
	title = "app.starbucks", 
	url = "https://app.starbucks.com/store-locator?map=46.670396,7.455289,10z",
	addendum = "09.03.2021",
	year = 2021, 
	keywords = {bestPwa}
}

@online{myPost24StationsImage, 
	author = "Die Schweizerische Post AG", 
	title = "Versenden und empfangen rund um die Uhr", 
	url = "https://www.post.ch/de/empfangen/empfangsorte/pickpost-my-post-24/my-post-24",
	addendum = "03.03.2021",
	year = 2021, 
	keywords = {myPost24}
}

@book{postPickUp,
	author= "Post-CH-AG",
	title= "Allgemeine Geschäftsbedingungen PickPost und My Post 24",
	year= "2015",
	journal="Empfangen an einer PickPost- oder My Post 24-Stelle",
	url= "https://www.post.ch/de/empfangen/empfangsorte/pickpost-my-post-24/my-post-24#weitere-informationen"
}

 